<record><leader>00000cas a22000007a 4500</leader><controlfield tag="001">15182721</controlfield><controlfield tag="008">870211d18741876mouwr ne      0    0ger d</controlfield><datafield ind1=" " ind2=" " tag="010"><subfield code="a">sn 87052180 </subfield></datafield><datafield ind1=" " ind2=" " tag="040"><subfield code="a">NPX</subfield><subfield code="b">eng</subfield><subfield code="c">NPX</subfield><subfield code="d">MQN</subfield><subfield code="d">OCLCQ</subfield></datafield><datafield ind1="0" ind2=" " tag="041"><subfield code="a">gereng</subfield></datafield><datafield ind1=" " ind2=" " tag="042"><subfield code="a">msc</subfield></datafield><datafield ind1="0" ind2=" " tag="130"><subfield code="a">Freie Presse (Sainte Genevieve, Mo.)</subfield></datafield><datafield ind1="1" ind2="0" tag="245"><subfield code="a">Freie Presse.</subfield></datafield><datafield ind1=" " ind2=" " tag="260"><subfield code="a">Ste. Genevieve, Mo. :</subfield><subfield code="b">Frank Klein</subfield></datafield><datafield ind1=" " ind2=" " tag="300"><subfield code="a">v.</subfield></datafield><datafield ind1=" " ind2=" " tag="310"><subfield code="a">Weekly</subfield></datafield><datafield ind1="1" ind2=" " tag="362"><subfield code="a">Began in 1874? Ceased in 1876?</subfield></datafield><datafield ind1=" " ind2=" " tag="546"><subfield code="a">In German; some notices in English.</subfield></datafield><datafield ind1=" " ind2=" " tag="588"><subfield code="a">Description based on: Jahrg. 3, no. 53 (Juli 22, 1876).</subfield></datafield><datafield ind1=" " ind2=" " tag="752"><subfield code="a">United States</subfield><subfield code="b">Missouri</subfield><subfield code="c">Sainte Genevieve</subfield><subfield code="d">Sainte Genevieve.</subfield></datafield></record>